@Book{Knuth1997,
  author    = {Donald Ervin Knuth},
  publisher = {Addison-Wesley},
  title     = {The Art of Computer Programming, Volume {I:} Fundamental Algorithms, 3rd Edition},
  year      = {1997},
  isbn      = {0201896834},
  bibsource = {dblp computer science bibliography, https://dblp.org},
  biburl    = {https://dblp.org/rec/books/lib/Knuth97.bib},
  url       = {https://www.worldcat.org/oclc/312910844},
}

@Comment{jabref-meta: databaseType:bibtex;}
